@article{bib_ene_01_Campesato,
 Author = {R. Campesato AND M. Ficcadenti AND G. Gabetta},
 Title = {Estado da Arte: Tecnologia para Geração Fotovoltaica},
 Year = {2003},
 Address = {P\&D Programa de Pesquisa e Desenvolvimento da ANEEL - CESI do Brasil Consultoria Ltda.},
}

@ARTICLE {melo,
    author  = "Melo, F. D. C",
    title   = "Energia Fotovoltaica: Especialista Técnico em Energia Solar Fotovoltaica.",
    journal = "Serviço Nacional de Aprendizagem Industrial (SENAI)\Deutsche Gesellschaft für Internationale Zusammenarbeit (GIZ)",
    year    = "2018",
    note    = "Brasília, Brasil."
}

@article{SAAD,
	Author = {M. C. SAAD},
	Title = {Controlador de Cargas e Descargas de Baterias, Microcontrolado com PIC, com Aplicação em Sistemas de Fornecimento de Energia em Geral, Incluindo Sistemas Fotovoltaicos},
	Year = {2012},
	Address = {PUC - Pontifícia Universidade Católica, Rio de Janeiro.
},
}

@ARTICLE {zorrilla,
    author  = "ZORRILLA‐CASANOVA, José et al.",
    title   = "Losses produced by soiling in the incoming radiation to photovoltaic modules.",
    journal = "Progress in photovoltaics: Research and applications",
    year    = "2013",
    volume  = "v. 21",
    number  = "n. 4",
    pages   = "p. 790-796"
}

@ONLINE {crecesb,
    author = "CRECESB",
    title  = "Potencial Solar - SunData v 3.0",
    year   = "2019",
    url    = "Disponível em: http://www.cresesb. cepel.br/index.php#data Acessado em: 15 de abril de 2019"
}

@ONLINE {climate,
    author = "climate-data.org",
    title  = "Temperaturas em Brasília",
    year   = "2019",
    url    = "Disponível em: https://pt.climate-data.org/america-do-sul/brasil/distrito-federal/brasilia-852/  Acessado em: 15 de Abril de 2019"
}

@ONLINE {unipower,
    author = "Unipower",
    title  = "Manual Técnico Unipower",
    year   = "2019",
    url    = "Disponível em: https://www.robocore.net/upload/ManualTecnicoBateriaUnipower.pdf Acessado em: 15 de Abril de 2019"
}

@ONLINE {yingli,
    author = "Yingli Solar",
    title  = "Datasheet Painel Solar Fotovoltaico Yingli YL020P-17b",
    year   = "2019",
    url    = "Disponível em: https://www.neosolar.com.br/loja/painel-solar-fotovoltaico-yingli-yl020p-17b-20wp.html Acessado em: 15 de Abril de 2019"
}

@article{Villalva,
	Author = {M. Villalva; J. Gazoli},
	Title = {Energia Solar Fotovoltaica: Conceitos e Aplicações},
	Year = {2012},
	Address = {São Paulo, Brasil},
	Editora = {Érica},
}