@book{newman_2018, place={Place of publication not identified}, title={BUILDING MICROSERVICES: designing fine-grained systems}, publisher={OREILLY MEDIA, INC, USA}, author={NEWMAN, SAM}, year={2018}}

@misc{gces, title={Gerência de Configuração e Evolução de Software}, url={https://pt.wikiversity.org/wiki/Gerência_de_Configuração_e_Evolução_de_Software}, journal={Gerência de Configuração e Evolução de Software - Wikiversidade}}

@misc{rfc, url={https://www.rfc-editor.org/rfc/rfc2616.txt}, journal={» RFC Editor}}

@book{pfister_2011, place={Farnham}, title={Getting started with the internet of things: connecting sensors and microcontrollers to the cloud}, publisher={OReilly}, author={Pfister, Cuno}, year={2011}}

@article{ohara_2007, title={Toward a commodity enterprise middleware}, volume={5}, DOI={10.1145/1255421.1255424}, number={4}, journal={Queue}, author={Ohara, John}, year={2007}, pages={48–55}}

@misc{chromium, title={SPDY: An experimental protocol for a faster web}, url={http://dev.chromium.org/spdy/spdy-whitepaper}, journal={The Chromium Projects}}