@ARTICLE {bib_sen_01_jose,
    author  = "José P.R.Costa AND Guilherme F.C.Neto AND Ana Alice S. Fernandes AND Suzyanne N. Bandeira",
    title   = "Medida e estimativa da temperatura do solo (estudo de caso)",
    journal = "XVI Congresso Brasileiro de Meteorologia",
    year    = "2010"
}

@article{bib_sen_01_victor,
  title={Vari{\'a}veis meteorol{\'o}gicas e estimativa da evapotranspira{\c{c}}{\~a}o num cultivo de soja no Cerrado},
  author={de Oliveira, Alexsandra Duarte and Meirelles, Maria Lucia and Franco, Augusto Cesar},
  journal={Boletim de Pesquisa},
  year={2011}
}

@article{bib_sen_02_victor,
  title={Crop evapotranspiration-Guidelines for computing crop water requirements-FAO Irrigation and drainage paper 56},
  author={Allen, Richard G and Pereira, Luis S and Raes, Dirk and Smith, Martin and others},
  journal={Fao, Rome},
  volume={300},
  number={9},
  pages={D05109},
  year={1998}
}

@article{bib_sen_03_victor,
  title={M{\'e}todo do tanque Classe A para irriga{\c{c}}{\~a}o da soja, cultivar Samba{\'\i}ba, no Cerrado.},
  author={Guerra, Ant{\^o}nio Fernando and Rocha, OC and Rodrigues, GC and Souza, PI de M},
  journal={Embrapa Cerrados-Comunicado T{\'e}cnico (INFOTECA-E)},
  year={2005},
  publisher={Planaltina, DF: Embrapa Cerrados, 2005.}
}

@article{bib_sen_04_victor,
  title={Increasing productivity in irrigated agriculture: Agronomic constraints and hydrological realities},
  author={Perry, Chris and Steduto, Pasquale and Allen, Richard G and Burt, Charles M},
  journal={Agricultural Water Management},
  volume={96},
  number={11},
  pages={1517--1524},
  year={2009},
  publisher={Elsevier}
}

@article{bib_sen_05_victor,
  title={Use of weather information for agricultural decision making},
  author={Frisvold, George B and Murugesan, Anand},
  journal={Weather, Climate, and Society},
  volume={5},
  number={1},
  pages={55--69},
  year={2013}
}

@article{bib_sen_06_victor,
  title={ET mapping for agricultural water management: present status and challenges},
  author={Gowda, Prasanna H and Chavez, Jose L and Colaizzi, Paul D and Evett, Steve R and Howell, Terry A and Tolk, Judy A},
  journal={Irrigation science},
  volume={26},
  number={3},
  pages={223--237},
  year={2008},
  publisher={Springer}
}

@article{bib_sen_07_victor,
  title={Guide to Agricultural Meteorological Practices},
  author={Gommes, R and Challinor, A and Das, H and Dawod, MA and Mariani, L and Tychon, B and Kr{\"u}ger, R and Otte, U and Vega, RER and Trampf, W},
  journal={World Meteorological Organization},
  number={134},
  year={2010}
}

@article{bib_sen_08_victor,
  title={Crop evapotranspiration-Guidelines for computing crop water requirements-FAO Irrigation and drainage paper 56},
  author={Allen, Richard G and Pereira, Luis S and Raes, Dirk and Smith, Martin and others},
  journal={Fao, Rome},
  volume={300},
  number={9},
  pages={D05109},
  year={1998}
}

@ONLINE {bib_sen_vic_01,
    author = "Hydrological Services America",
    month  = "apr",
    year   = "2019",
    url    = "https://www.hydrologicalusa.com/products/rain-gauges/tb4-tipping-bucket-rain-gauge/"
}

@article{bib_sen_01_ian,
	author = {Elson Antunes Júnior e José Alves Júnior e Derblai Casaroli},
	title = {CALIBRAÇÃO DO SENSOR CAPACITIVO EC-5 EM UM LATOSSOLO EM FUNÇÃO DA DENSIDADE DO SOLO},
	journal = {REVISTA ENGENHARIA NA AGRICULTURA - REVENG},
	volume = {26},
	number = {1},
	year = {2018},
	keywords = {instrumentação agrícola; manejo da água no solo; permissividade dielétrica; sensor FDR; umidade do solo},
	abstract = {A determinação do conteúdo de água no solo, de forma não destrutiva e instantânea, facilita o manejo da água no solo, bem como o entendimento da dinâmica de água no mesmo. O estudo teve como objetivo calibrar o sensor capacitivo ECH2O EC-5 (Decagon) para um Latossolo Vermelho distrófico em diferentes densidades. O sensor foi calibrado em laboratório para as densidades do solo: 1,10; 1,20; 1,25; 1,30 e 1,35 Mg m-3. O solo foi saturado e seco em estufa à 40 ºC em intervalos de 2 horas, esperando-se 1 hora para que as amostras resfriassem à temperatura ambiente. Em cada intervalo, o conteúdo de água foi determinado por gravimetria e pelo sensor. Os resultados demonstraram que a equação de calibração padrão do fabricante superestimou em 38,4% o conteúdo de água no solo. No entanto, depois de calibrado, para o solo em questão, o sensor apresentou alta acurácia na estimativa do conteúdo de água do solo. Os resultados demonstraram ainda que a densidade do solo inﬂuencia na calibração dos sensores. Portanto, para obtenção do conteúdo de água no solo nas diferentes densidades, devesse corrigir os dados coletados em campo, para o solo em questão, pela seguinte equação: θe = 0,652376 θo + 2,12808 ρs2 - 5,2077 ρs + 3,19237. Esta equação apresenta o coeficiente de determinação igual a 0,9488 e, para o pior caso, uma acurácia média de 0,024 m3 m-3.},
	issn = {2175-6813},	pages = {80--88},	doi = {10.13083/reveng.v26i1.864},
	url = {https://periodicos.ufv.br/ojs/reveng/article/view/773}
}

@article{bib_sen_02_ian,
  title={Calibration of Capacitive Soil Moisture Sensor (SKU:SEN0193)},
  author={Radi and Murtiningrum Murtiningrum and Ngadisih and Fajar Siti Muzdrikah and M. Shohibun Nuha and Fathi A. Rizqi},
  journal={2018 4th International Conference on Science and Technology (ICST)},
  year={2018},
  pages={1-6}
}

@Article{bib_sen_03_ian,
AUTHOR = {Bogena, Heye Reemt and Huisman, Johan Alexander and Schilling, Bernd and Weuthen, Ansgar and Vereecken, Harry},
TITLE = {Effective Calibration of Low-Cost Soil Water Content Sensors},
JOURNAL = {Sensors},
VOLUME = {17},
YEAR = {2017},
NUMBER = {1},
ARTICLE-NUMBER = {208},
URL = {http://www.mdpi.com/1424-8220/17/1/208},
ISSN = {1424-8220},
ABSTRACT = {Soil water content is a key variable for understanding and modelling ecohydrological processes. Low-cost electromagnetic sensors are increasingly being used to characterize the spatio-temporal dynamics of soil water content, despite the reduced accuracy of such sensors as compared to reference electromagnetic soil water content sensing methods such as time domain reflectometry. Here, we present an effective calibration method to improve the measurement accuracy of low-cost soil water content sensors taking the recently developed SMT100 sensor (Truebner GmbH, Neustadt, Germany) as an example. We calibrated the sensor output of more than 700 SMT100 sensors to permittivity using a standard procedure based on five reference media with a known apparent dielectric permittivity (1 &lt; Ka &lt; 34.8). Our results showed that a sensor-specific calibration improved the accuracy of the calibration compared to single “universal” calibration. The associated additional effort in calibrating each sensor individually is relaxed by a dedicated calibration setup that enables the calibration of large numbers of sensors in limited time while minimizing errors in the calibration process.},
DOI = {10.3390/s17010208}
}

@book{bib_sen_04_ian,
  title={Manual de irriga{\c{c}}{\~a}o},
  author={Bernardo, S. and Soares, A.A. and Mantovani, E.C.},
  isbn={8572692428},
  year={2006},
  publisher={Ed. UFV}
}

@MANUAL {bib_sen_gab_01,
    title        = "034B Wind Sensor - Datasheet",
    organization = "Met One Instruments",
    year         = "2018",
    note         = "Disponível em <https://metone.com/wp-content/uploads/pdfs/034b-wind-sensor.pdf>"
}

@MANUAL {bib_sen_gab_02,
    title        = "034B WIND SENSOR OPERATION MANUAL",
    organization = "Met One Instruments",
    year         = "2001",
    note         = "Disponível em: <https://metone.com/wp-content/uploads/pdfs/034b-wind-sensor.pdf>"
}

@TECHREPORT {bib_soil_sen_emb_02,
    author      = "Juscelino Antônio de Azevedo, Euzebio Medrado da Silva",
    title       = "Tensiômetro: dispositivo prático para controle de irrigação",
    institution = "Embrapa",
    year        = "1999"
}

@TECHREPORT {bib_soil_sen_emb_01,
    author      = "Luís Henrique Bassoi, Patrícia dos Santos Nascimento",
    title       = "Uso do tensiômetro de punção  e do tensímetro digital",
    institution = "Embrapa",
    year        = "2012"
}

@ONLINE {bib_soil_sen_01,
    author = "Davis Instruments",
    month  = "apr",
    year   = "2019",
    url    = "https://www.davisinstruments.com/product/soil-moisture-sensor-vantage-pro-and-vantage-pro2/"
}

@ONLINE {bib_umi_sen_res_01,
    author = "Filipe Flop",
    month  = "apr",
    year   = "2019",
    url    = "https://www.filipeflop.com/produto/sensor-de-umidade-do-solo-higrometro/"
}

@ONLINE {bib_soil_sen_03,
    author = "Pino Tech",
    month  = "apr",
    year   = "2019",
    url    = "https://pino-tech.eu/wp-content/uploads/2017/08/SoilWatch_10-650.jpg"
}

@ONLINE {bib_soil_sen_02,
    author = "DF Robot",
    month  = "apr",
    year   = "2019",
    url    = "https://www.dfrobot.com/wiki/index.php/Capacitive_Soil_Moisture_Sensor_SKU:SEN0193"
}

@article{romero2012research,
  title={Research on automatic irrigation control: State of the art and recent results},
  author={Romero, R and Muriel, JL and Garc{\'\i}a, I and de la Pe{\~n}a, D Mu{\~n}oz},
  journal={Agricultural water management},
  volume={114},
  pages={59--66},
  year={2012},
  publisher={Elsevier}
}

@article{su2014critical,
  title={A critical review of soil moisture measurement},
  author={SU, Susha Lekshmi and Singh, DN and Baghini, Maryam Shojaei},
  journal={Measurement},
  volume={54},
  pages={92--105},
  year={2014},
  publisher={Elsevier}
}

@inproceedings{zhao2009study,
  title={Study on precision water-saving irrigation automatic control system by plant physiology},
  author={Zhao, Yandong and Zhang, Junfu and Guan, Jinfeng and Yin, Weilun},
  booktitle={2009 4th IEEE Conference on Industrial Electronics and Applications},
  pages={1296--1300},
  year={2009},
  organization={IEEE}
}

@ONLINE {bib_sen_gab_03,
    author = "NIC.br",
    title  = "Campo conectado",
    year   = "2017",
    url    = "https://www.nic.br/noticia/na-midia/campo-conectado/"
}

@article{bib_ele_du_1,
author = {Hiertz, Guido and Denteneer, T and Max, Sebastian and Taori, Rakesh and Cardona, Javier and Berlemann, Lars and Walke, B},
year = {2010},
month = {03},
pages = {104 - 111},
title = {IEEE 802.11s: the WLAN mesh standard},
volume = {17},
journal = {Wireless Communications, IEEE},
doi = {10.1109/MWC.2010.5416357}
}

@CONFERENCE {bib_ele_du_2,
    author    = {Kai Yang, Jian-feng Ma, Zi-hui Miao},
    title     = "Hybrid Routing Protocol for Wireless Mesh Network",
    booktitle = "International Conference on Computational Intelligence and Security",
    year      = "2009"
}

@MASTERSTHESIS {bib_ele_du_3,
    author = "Márcio Martins Farias",
    title  = "Protocolo de roteamento para redes wireless mesh",
    school = "Pontifícia Universidade Católica do Rio Grande do Sul",
    year   = "2008"
}


@BOOK {bib_ele_du_4,
    author    = {C. Silva Ram Murthy, B. S. Manoj},
    title     = "Ad Hoc Wireless Networks",
    publisher = "Prentice Hall Professional Technical Reference",
    year      = "2004"
}

@inproceedings{bib_ele_du_5,
author = {Bang, Ankur},
year = {2015},
month = {03},
pages = {},
title = {Wireless Ad-Hoc Networks: Types, Applications, Security Goals}
}

@MASTERSTHESIS {bib_ele_du_6,
    author = {Virgínia Mattos Thoma, Cristina Moreira Nunes},
    title  = "Avaliação de Desempenho de Redes Ad Hoc Utilizando Modelos de Mobilidade",
    school = "CENTRO UNIVERSITÁRIO LA SALLE",
    year   = "2011"
}

@MASTERSTHESIS {bib_ele_du_7,
    author = "LANG, D",
    title  = "A comprehensive overview about selected ad hoc networking routing protocols",
    school = "Technische, Universitat Munchen, Department of Computer Science",
    year   = "2003"
}

@ONLINE {bib_proc_vic_02,
    author = "Valor Econômico",
    title  = "Lavoura sem internet limita avanco de precisao no campo",
    month  = "jan",
    year   = "2017",
    url    = "https://www.valor.com.br/agro/4845284/lavoura-sem-internet-limita-avanco-de-precisao-no-campo"
}
