@BOOK{bib_est_01_callister,
  TITLE = {Materials Science and Engineering an Introduction},
  AUTHOR = {CALLISTER, William D.},
  YEAR = {1991}, 
  PUBLISHER = {John Wiley},
}

@book{bib_est_01_tiago,
  title={Ci{\^e}ncia e engenharia de materiais: uma introdu{\c{c}}{\~a}o},
  author={Callister, W.D.},
  isbn={9788521612889},
  year={2002},
  publisher={Livros T{\'e}cnicos e Cient{\'\i}ficos}
}

@article{bib_est_02_tiago,
  title={Simplified composite micromechanics equations for hygral, thermal and mechanical properties},
  author={Chamis, Christos C},
  year={1983}
}

@article{bib_est_03_tiago,
  title={Analysis of the fracture behavior of epoxy resins under impact conditions},
  author={d'Almeida, JRM and Cella, N},
  journal={Journal of applied polymer science},
  volume={77},
  number={11},
  pages={2486--2492},
  year={2000},
  publisher={Wiley Online Library}
}

@ONLINE {bib_est_04_tiago,
    author = "Automation Creations, Inc.",
    title  = "MatWeb, Your Source for Materials Information",
    month  = "apr",
    year   = "2019",
    url    = "http://matweb.com/search/datasheet.aspx?MatGUID=d9c18047c49147a2a7c0b0bb1743e812"
}
@article{bib_est_05_tiago,
  title={Mechanical properties of epoxy networks based on DGEBA and aliphatic amines},
  author={Garcia, Filiberto Gonz{\'a}lez and Soares, Bluma G and Pita, Victor JRR and S{\'a}nchez, Rub{\'e}n and Rieumont, Jacques},
  journal={Journal of Applied Polymer Science},
  volume={106},
  number={3},
  pages={2047--2055},
  year={2007},
  publisher={Wiley Online Library}
}

@article{bib_est_06_tiago,
  title={Friction and wear properties of E-glass fiber reinforced epoxy composites under different sliding contact conditions},
  author={El-Tayeb, NS and Gadelrab, RM},
  journal={Wear},
  volume={192},
  number={1-2},
  pages={112--117},
  year={1996},
  publisher={Elsevier}
}
