@MANUAL {bib_ger_01_ana,
    title   = "Conjuntura dos recursos hídricos no Brasil 2017 : relatório pleno",
    author  = " Agência Nacional de Águas - ANA",
    address = "Brasília, Brasil",
    year    = "2017"
}

